@inbook{Jaworski_Kozakoszczak_2016,
title={ENIAM: Categorial Syntactic-Semantic Parser for Polish}, url={http://pdfs.semanticscholar.org/9d4f/521c3edfa2a3d705416482b17d4438bc6007.pdf}, booktitle={Proceedings of COLING 2016, the 26th International Conference on Computational Linguistics: System Demonstrations}, author={Jaworski, Wojciech and Kozakoszczak, Jakub}, editor={Hideo, Watanabe}, year={2016}, pages={243–247}}

@book{morrill2010categorial,
  title={Categorial grammar: Logical syntax, semantics, and processing},
  author={Morrill, Glyn},
  year={2010},
  publisher={Oxford University Press}
}

@inproceedings{bos2004wide,
  title={Wide-coverage semantic representations from a CCG parser},
  author={Bos, Johan and Clark, Stephen and Steedman, Mark and Curran, James R and Hockenmaier, Julia},
  booktitle={Proceedings of the 20th international conference on Computational Linguistics},
  pages={1240},
  year={2004},
  organization={Association for Computational Linguistics}
}

@techreport{de2008stanford,
  title={Stanford typed dependencies manual},
  author={De Marneffe, Marie-Catherine and Manning, Christopher D},
  year={2008},
  institution={Technical report, Stanford University}
}

@inproceedings{prz:etal:14b,
    author = "Przepi{\'o}rkowski, Adam and Hajnicz, Elżbieta and Patejuk, Agnieszka and Woli{\'n}ski, Marcin",
    pdf = "http://www.aclweb.org/anthology/W/W14/W14-5811.pdf",
    title = "Extended phraseological information in a valence dictionary for {NLP} applications",
    pages = "83--91",
    crossref = "coling:lglp:14"
}
@proceedings{coling:lglp:14,
    publisher = "Association for Computational Linguistics and Dublin City University",
    title = "Proceedings of the Workshop on Lexical and Grammatical Resources for Language Processing (LG-LP 2014)",
    url = "http://www.aclweb.org/anthology/siglex.html#2014_0",
    booktitle = "Proceedings of the Workshop on Lexical and Grammatical Resources for Language Processing (LG-LP 2014)",
    year = "2014",
    key = "LGLP",
    address = "Dublin, Ireland"
}

@inproceedings{maziarz2014plwordnet,
  title={plWordNet as the Cornerstone of a Toolkit of Lexico-semantic Resources},
  author={Maziarz, Marek and Piasecki, Maciej and Rudnicka, Ewa and Szpakowicz, Stan},
  booktitle={Proceedings of the Seventh Global Wordnet Conference},
  pages={304--312},
  year={2014}
}

@inproceedings{wolinski2012polimorf,
  title={PoliMorf: a (not so) new open morphological dictionary for Polish.},
  author={Wolinski, Marcin and Milkowski, Marcin and Ogrodniczuk, Maciej and Przepi{\'o}rkowski, Adam},
  booktitle={LREC},
  pages={860--864},
  year={2012}
}

@article{lewandowska2012narodowy,
  title="National Corpus of Polish",
  author={Adam Przepi{\'o}rkowski, Miros{\l}aw Ba{\'n}ko, Rafa{\l} L. G{\'o}rski and Barbara Lewandowska-Tomaszczyk},
  journal={Wydawnictwo Naukowe PWN, Warsaw},
  pages={51--58},
  year={2012}
}

@misc{zygmunt2015slownik,
  title="Grammatical Dictionary of Polish",
  author={Zygmunt, Saloni and Marcin, Woli{\'n}ski and Robert, Wo{\l}osz and W{\l}odzimierz, Gruszczy{\'n}ski and Danuta, Skowro{\'n}ska},
  year={2015},
  publisher={Warsaw.[URL: http://sgjp.pl}
}

@book{Sowa:1984:CSI:4569,
 author = {Sowa, J. F.},
 title = {Conceptual Structures: Information Processing in Mind and Machine},
 year = {1984},
 isbn = {0-201-14472-7},
 publisher = {Addison-Wesley Longman Publishing Co., Inc.},
 address = {Boston, MA, USA},
}
@article{copestake2005mrs,
  added-at = {2008-10-16T15:21:50.000+0200},
  author = {Copestake, A. and Flickinger, D. and Pollard, C. and Sag, I.A.},
  biburl = {http://www.bibsonomy.org/bibtex/2412d29455b0fbf46728475429de8b75c/unhammer},
  interhash = {8e94cb747a1edc2a9645c8e75938cba6},
  intrahash = {412d29455b0fbf46728475429de8b75c},
  journal = {Research on Language \& Computation},
  keywords = {HPSG MRS semantics toread},
  number = 4,
  pages = {281--332},
  publisher = {Springer},
  timestamp = {2008-10-16T15:21:50.000+0200},
  title = {{Minimal Recursion Semantics: An Introduction}},
  volume = 3,
  year = 2005
}