@misc{libc,
    title     = "O libcorpus2",
    note      = "\url{http://nlp.pwr.wroc.pl/redmine/projects/corpus2/wiki}"
}

@Article{pr,
author = {Eneko Agirre and Oier López {de Lacalle} and Aitor Soroa},
title = {Random Walks for Knowledge-Based Word Sense Disambiguation},
year = {2014}
}

@inproceedings{pb,
  author    = {Maciej Piasecki and
               Radoslaw Ramocki and
               Michal Kalinski},
  title     = {Information Spreading in Expanding Wordnet Hypernymy Structure},
  booktitle = {Recent Advances in Natural Language Processing, {RANLP} 2013, 9-11
               September, 2013, Hissar, Bulgaria},
  pages     = {553--561},
  year      = {2013},
  url       = {http://aclweb.org/anthology/R/R13/R13-1073.pdf},
  timestamp = {Tue, 28 Jan 2014 13:29:07 +0100},
  biburl    = {http://dblp2.uni-trier.de/rec/bib/conf/ranlp/PiaseckiRK13},
  bibsource = {dblp computer science bibliography, http://dblp.org}
}

@Article{KedziaCS2015,
  author = {Paweł Kędzia and Maciej Piasecki and Marlena Orlińska},
  title = {Word Sense Disambiguation Based on Large Scale Polish CLARIN Heterogeneous Lexical Resources},
  booktitle = {Cognitive Studies},
  pages = {269--292},
  year = {2015}
}

@article{Kedzia2014,
  affiliation = {Wrocław University of Technology, ul. Wybrzeże Wyspiańskiego 27, Wrocław 50-370, Poland},
  author = {Paweł Kędzia and Maciej Piasecki and Jan Kocoń and Agnieszka Indyka-Piasecka},
  doi = {10.1016/j.ieri.2014.09.073},
  journal = {IERI Procedia},
  keywords = {Word Sense Disambiguation; wordnet; text classification; plWordNet},
  language = {English},
  number = {Complete},
  pages = {38-44},
  title = {Distributionally Extended Network-based Word Sense Disambiguation in Semantic Clustering of Polish Texts},
  volume = {10},
  year = {2014},
}

@article{PiaseckiGWC2016,
  author = {Maciej Piasecki and Paweł Kędzia and Marlena Orlińska},
  title = {plWordNet inWord Sense Disambiguation},
  year = {2016}
}
